@misc{UdacityLesson9,
  author        = {Udacity},
  title         = {Lesson 9: Introduction to Localization},
  month         = {August},
  year          = {2018},
  publisher={Udacity}
}

@misc{UdacityLesson10,
  author        = {Udacity},
  title         = {Lesson 10: Kalman Filters},
  month         = {August},
  year          = {2018},
  publisher={Udacity}
}

@misc{ROSWiki,
  title = {ROS Wiki},
  howpublished = {\url{http://wiki.ros.org/}},
  note = {Accessed: 2018-08-28}
}

@misc{ROSAMCL,
  title = {ROS AMCL package},
  howpublished = {\url{http://wiki.ros.org/amcl}},
  note = {Accessed: 2018-08-20}
}

@misc{ROSMoveBase,
  title = {ROS move-base package},
  howpublished = {\url{http://wiki.ros.org/move_base}},
  note = {Accessed: 2018-08-20}
}

@misc{kalmanwiki,
  title = {Kalman Filter Wiki},
  howpublished = {\url{https://en.wikipedia.org/wiki/Kalman_filter}},
  note = {Accessed: 2018-08-28}
}

@article{PEEL2018244,
title = "Localisation of a mobile robot for bridge bearing inspection",
journal = "Automation in Construction",
volume = "94",
pages = "244 - 256",
year = "2018",
issn = "0926-5805",
doi = "https://doi.org/10.1016/j.autcon.2018.07.003",
url = "http://www.sciencedirect.com/science/article/pii/S0926580517303916",
author = "H. Peel and S. Luo and A.G. Cohn and R. Fuentes",
keywords = "Bridge bearings, Robot, Inspection, Localisation"
}

@misc{phobos,
  title = {Phobos Github},
  howpublished = {\url{https://github.com/dfki-ric/phobos}},
  note = {Accessed: 2018-09-02}
}
